@article{manuf,
  title={Review of additive manufacturing of permanent magnets for electrical machines: A prospective on wind turbine},
  author={Wang, H and Lamichhane, TN and Paranthaman, MP},
  journal={Materials Today Physics},
  volume={24},
  pages={100675},
  year={2022},
  publisher={Elsevier}
}